<record><leader>00000cas a2200000 a 4500</leader><controlfield tag="001">36676849</controlfield><controlfield tag="008">970404c199u9999fluwr ne      0    0eng c</controlfield><datafield ind1=" " ind2=" " tag="010"><subfield code="a">sn 97027686 </subfield></datafield><datafield ind1=" " ind2=" " tag="040"><subfield code="a">FUG</subfield><subfield code="b">eng</subfield><subfield code="c">FUG</subfield><subfield code="d">OCL</subfield><subfield code="d">OCLCQ</subfield><subfield code="d">OCLCF</subfield><subfield code="d">OCLCO</subfield></datafield><datafield ind1="1" ind2=" " tag="029"><subfield code="a">AU@</subfield><subfield code="b">000013196514</subfield></datafield><datafield ind1=" " ind2=" " tag="037"><subfield code="b">142 S. Courtenay Pkwy, Merritt Island, FL 32952-4509</subfield></datafield><datafield ind1=" " ind2=" " tag="042"><subfield code="a">pcc</subfield></datafield><datafield ind1=" " ind2=" " tag="043"><subfield code="a">n-us-fl</subfield></datafield><datafield ind1="0" ind2="0" tag="245"><subfield code="a">Cocoa Beach/Cape Canaveral press.</subfield></datafield><datafield ind1="3" ind2="0" tag="246"><subfield code="a">Press</subfield></datafield><datafield ind1=" " ind2=" " tag="260"><subfield code="a">Merritt Island, Fla. :</subfield><subfield code="b">Sun Coast Press</subfield></datafield><datafield ind1=" " ind2=" " tag="300"><subfield code="a">v. :</subfield><subfield code="b">ill. (some col.) ;</subfield><subfield code="c">35 cm.</subfield></datafield><datafield ind1=" " ind2=" " tag="310"><subfield code="a">Weekly (published on Thursday)</subfield></datafield><datafield ind1=" " ind2=" " tag="500"><subfield code="a">"Your community newspaper serving the twin cities of Cocoa Beach and Cape Canaveral and the neighboring Merritt Island."</subfield></datafield><datafield ind1=" " ind2=" " tag="588"><subfield code="a">Description based on: Vol. 2, no. 45 (Mar. 27, 1997).</subfield></datafield><datafield ind1=" " ind2="0" tag="651"><subfield code="a">Merritt Island (Fla.)</subfield><subfield code="v">Newspapers.</subfield></datafield><datafield ind1=" " ind2="0" tag="651"><subfield code="a">Cocoa Beach (Fla.)</subfield><subfield code="v">Newspapers.</subfield></datafield><datafield ind1=" " ind2="0" tag="651"><subfield code="a">Cape Canaveral (Fla.)</subfield><subfield code="v">Newspapers.</subfield></datafield><datafield ind1=" " ind2="0" tag="651"><subfield code="a">Brevard County (Fla.)</subfield><subfield code="v">Newspapers.</subfield></datafield><datafield ind1=" " ind2="7" tag="655"><subfield code="a">Newspapers.</subfield><subfield code="2">fast</subfield><subfield code="0">(OCoLC)fst01423814</subfield></datafield><datafield ind1=" " ind2="7" tag="651"><subfield code="a">Florida</subfield><subfield code="z">Brevard County.</subfield><subfield code="2">fast</subfield><subfield code="0">(OCoLC)fst01212300</subfield></datafield><datafield ind1=" " ind2="7" tag="651"><subfield code="a">Florida</subfield><subfield code="z">Cape Canaveral.</subfield><subfield code="2">fast</subfield><subfield code="0">(OCoLC)fst01203487</subfield></datafield><datafield ind1=" " ind2="7" tag="651"><subfield code="a">Florida</subfield><subfield code="z">Cocoa Beach.</subfield><subfield code="2">fast</subfield><subfield code="0">(OCoLC)fst01212556</subfield></datafield><datafield ind1=" " ind2="7" tag="651"><subfield code="a">Florida</subfield><subfield code="z">Merritt Island.</subfield><subfield code="2">fast</subfield><subfield code="0">(OCoLC)fst01216442</subfield></datafield><datafield ind1=" " ind2=" " tag="752"><subfield code="a">United States</subfield><subfield code="b">Florida</subfield><subfield code="c">Brevard</subfield><subfield code="d">Merritt Island.</subfield></datafield><datafield ind1=" " ind2=" " tag="752"><subfield code="a">United States</subfield><subfield code="b">Florida</subfield><subfield code="c">Brevard</subfield><subfield code="d">Cocoa Beach.</subfield></datafield><datafield ind1=" " ind2=" " tag="752"><subfield code="a">United States</subfield><subfield code="b">Florida</subfield><subfield code="c">Brevard</subfield><subfield code="d">Cape Canaveral.</subfield></datafield></record>